@misc{openvino_fig,
      author = "OpenVINO Model Optimizer Guide",
      title = "Intel Model Optimizer Developer Guide",
      url = "https://docs.openvinotoolkit.org/latest/_docs_MO_DG_Deep_Learning_Model_Optimizer_DevGuide.html"
}

@misc{resnet_fig,
      author = "Resnet Architecture Guide",
      title = "Resnet Architecture",
      url = "https://tech.showmax.com/2019/04/conveiro/"
     
}
@misc{skip_fig,
      author = "Sabyasachi Sahoo",
      title = "Residual blocks â€” Building blocks of ResNet",
      url = "https://towardsdatascience.com/residual-blocks-building-blocks-of-resnet-fd90ca15d6ec"
     
}
@misc{tvm_fig,
      author = "Tianqi Chen et al.",
      title = "End-to-End Optimization Stack for Deep Learning",
      url = "http://arxiv.org/abs/1802.04799"
     
}


@article{DBLP:journals/corr/abs-1712-05877,
  author    = {Benoit Jacob and
               Skirmantas Kligys and
               Bo Chen and
               Menglong Zhu and
               Matthew Tang and
               Andrew G. Howard and
               Hartwig Adam and
               Dmitry Kalenichenko},
  title     = {Quantization and Training of Neural Networks for Efficient Integer-Arithmetic-Only
               Inference},
  journal   = {CoRR},
  volume    = {abs/1712.05877},
  year      = {2017},
  url       = {http://arxiv.org/abs/1712.05877},
  archivePrefix = {arXiv},
  eprint    = {1712.05877},
  timestamp = {Mon, 13 Aug 2018 16:48:27 +0200},
  biburl    = {https://dblp.org/rec/bib/journals/corr/abs-1712-05877},
  bibsource = {dblp computer science bibliography, https://dblp.org}
}

@inproceedings{DBLP:conf/fpga/QiuWYGLZYTXSWY16,
  author    = {Jiantao Qiu and
               Jie Wang and
               Song Yao and
               Kaiyuan Guo and
               Boxun Li and
               Erjin Zhou and
               Jincheng Yu and
               Tianqi Tang and
               Ningyi Xu and
               Sen Song and
               Yu Wang and
               Huazhong Yang},
  title     = {Going Deeper with Embedded {FPGA} Platform for Convolutional Neural
               Network},
  booktitle = {Proceedings of the 2016 {ACM/SIGDA} International Symposium on Field-Programmable
               Gate Arrays, Monterey, CA, USA, February 21-23, 2016},
  pages     = {26--35},
  year      = {2016},
  crossref  = {DBLP:conf/fpga/2016},
  url       = {https://doi.org/10.1145/2847263.2847265},
  doi       = {10.1145/2847263.2847265},
  timestamp = {Tue, 06 Nov 2018 16:58:23 +0100},
  biburl    = {https://dblp.org/rec/bib/conf/fpga/QiuWYGLZYTXSWY16},
  bibsource = {dblp computer science bibliography, https://dblp.org}
}

@inproceedings{DBLP:conf/icassp/ShinHS16,
  author    = {Sungho Shin and
               Kyuyeon Hwang and
               Wonyong Sung},
  title     = {Fixed-point performance analysis of recurrent neural networks},
  booktitle = {2016 {IEEE} International Conference on Acoustics, Speech and Signal
               Processing, {ICASSP} 2016, Shanghai, China, March 20-25, 2016},
  pages     = {976--980},
  year      = {2016},
  crossref  = {DBLP:conf/icassp/2016},
  url       = {https://doi.org/10.1109/ICASSP.2016.7471821},
  doi       = {10.1109/ICASSP.2016.7471821},
  timestamp = {Fri, 19 May 2017 01:25:42 +0200},
  biburl    = {https://dblp.org/rec/bib/conf/icassp/ShinHS16},
  bibsource = {dblp computer science bibliography, https://dblp.org}
}

@inproceedings{DBLP:journals/corr/CourbariauxBD14,
  author    = {Matthieu Courbariaux and
               Yoshua Bengio and
               Jean{-}Pierre David},
  title     = {Low precision arithmetic for deep learning},
  booktitle = {3rd International Conference on Learning Representations, {ICLR} 2015,
               San Diego, CA, USA, May 7-9, 2015, Workshop Track Proceedings},
  year      = {2015},
  crossref  = {DBLP:conf/iclr/2015w},
  url       = {http://arxiv.org/abs/1412.7024},
  timestamp = {Wed, 17 Jul 2019 10:40:54 +0200},
  biburl    = {https://dblp.org/rec/bib/journals/corr/CourbariauxBD14},
  bibsource = {dblp computer science bibliography, https://dblp.org}
}

@inproceedings{DBLP:conf/iccv/LiuLSHYZ17,
  author    = {Zhuang Liu and
               Jianguo Li and
               Zhiqiang Shen and
               Gao Huang and
               Shoumeng Yan and
               Changshui Zhang},
  title     = {Learning Efficient Convolutional Networks through Network Slimming},
  booktitle = {{IEEE} International Conference on Computer Vision, {ICCV} 2017, Venice,
               Italy, October 22-29, 2017},
  pages     = {2755--2763},
  year      = {2017},
  crossref  = {DBLP:conf/iccv/2017},
  url       = {https://doi.org/10.1109/ICCV.2017.298},
  doi       = {10.1109/ICCV.2017.298},
  timestamp = {Mon, 10 Sep 2018 15:49:32 +0200},
  biburl    = {https://dblp.org/rec/bib/conf/iccv/LiuLSHYZ17},
  bibsource = {dblp computer science bibliography, https://dblp.org}
}

@article{DBLP:journals/tnn/DundarJMC17,
  author    = {Aysegul Dundar and
               Jonghoon Jin and
               Berin Martini and
               Eugenio Culurciello},
  title     = {Embedded Streaming Deep Neural Networks Accelerator With Applications},
  journal   = {{IEEE} Trans. Neural Netw. Learning Syst.},
  volume    = {28},
  number    = {7},
  pages     = {1572--1583},
  year      = {2017},
  url       = {https://doi.org/10.1109/TNNLS.2016.2545298},
  doi       = {10.1109/TNNLS.2016.2545298},
  timestamp = {Wed, 14 Nov 2018 10:32:21 +0100},
  biburl    = {https://dblp.org/rec/bib/journals/tnn/DundarJMC17},
  bibsource = {dblp computer science bibliography, https://dblp.org}
}

@article{ANTLR4_Article,
 author = {Parr, Terence and Harwell, Sam and Fisher, Kathleen},
 title = {Adaptive LL(*) Parsing: The Power of Dynamic Analysis},
 journal = {SIGPLAN Not.},
 issue_date = {October 2014},
 volume = {49},
 number = {10},
 month = oct,
 year = {2014},
 issn = {0362-1340},
 pages = {579--598},
 numpages = {20},
 url = {http://doi.acm.org/10.1145/2714064.2660202},
 doi = {10.1145/2714064.2660202},
 acmid = {2660202},
 publisher = {ACM},
 address = {New York, NY, USA},
 keywords = {all(*), augmented transition networks, dfa, gll, glr, grammar, ll(*), nondeterministic parsing, peg},
} 

@article{DBLP:journals/corr/SzegedyLJSRAEVR14,
  author    = {Christian Szegedy and
               Wei Liu and
               Yangqing Jia and
               Pierre Sermanet and
               Scott E. Reed and
               Dragomir Anguelov and
               Dumitru Erhan and
               Vincent Vanhoucke and
               Andrew Rabinovich},
  title     = {Going Deeper with Convolutions},
  journal   = {CoRR},
  volume    = {abs/1409.4842},
  year      = {2014},
  url       = {http://arxiv.org/abs/1409.4842},
  archivePrefix = {arXiv},
  eprint    = {1409.4842},
  timestamp = {Mon, 13 Aug 2018 16:48:52 +0200},
  biburl    = {https://dblp.org/rec/bib/journals/corr/SzegedyLJSRAEVR14},
  bibsource = {dblp computer science bibliography, https://dblp.org}
}

@article{DBLP:journals/corr/abs-1802-04799,
  author    = {Tianqi Chen and
               Thierry Moreau and
               Ziheng Jiang and
               Haichen Shen and
               Eddie Q. Yan and
               Leyuan Wang and
               Yuwei Hu and
               Luis Ceze and
               Carlos Guestrin and
               Arvind Krishnamurthy},
  title     = {{TVM:} End-to-End Optimization Stack for Deep Learning},
  journal   = {CoRR},
  volume    = {abs/1802.04799},
  year      = {2018},
  url       = {http://arxiv.org/abs/1802.04799},
  archivePrefix = {arXiv},
  eprint    = {1802.04799},
  timestamp = {Mon, 13 Aug 2018 16:47:02 +0200},
  biburl    = {https://dblp.org/rec/bib/journals/corr/abs-1802-04799},
  bibsource = {dblp computer science bibliography, https://dblp.org}
}